% Encoding: windows-1252

@Misc{BDStats,
	author = {Statista Inc.},
	title  = {Statistics and facts about Big Data},
	month  = feb,
	year   = {2017},
	url    = {https://www.statista.com/topics/1464/big-data/},
}

@Misc{phoneGrowth,
	author = {Gartner},
	title  = {Global smartphone sales},
	month  = {02},
	year   = {2017},
	url    = {http://tinyurl.com/h77kptz},
}

@Misc{aepd,
	title = {Portal web de la Agencia Espa{\~{n}}ola de Protecci{\'{o}}n de Datos},
	month = march,
	year  = {2018},
	url   = {https://www.agpd.es/},
}


@Misc{leyPrivacidad,
	title = {Ley Org{\'{a}}nica 15/1999, de 13 de diciembre, de Protecci{\'{o}}n de Datos de Car{\'{a}}cter Personal},
	month = dec,
	year  = {1999},
	url   = {https://boe.es/boe/dias/1999/12/14/pdfs/A43088-43099.pdf},
}

@Misc{derechosCiu,
	title = {Agencia Espa{\~{n}}ola de Protecci{\'{o}}n de Datos. Principales derechos},
	month = march,
	year  = {2018},
	url   = {http://tinyurl.com/y9d3snor},
}

@Misc{lawEU,
	title = {Reglamento (UE) 2016/679 del Parlamento Europeo y del Consejo de 27 de abril de 2016},
	month = march,
	year  = {2018},
	url   = {http://tinyurl.com/y7mxsdoy},
}

@Misc{rulesEU,
	author = {Mark Scott, New York Times},
	title  = {Europe Approves Tough New Data Protection Rules},
	month  = dec,
	year   = {2015},
	url    = {www.nytimes.com/2015/12/16/technology/eu-data-privacy.html},
}

@Misc{spark,
	author = {Apache Foundation},
	title  = {P{\'{a}}gina web de Apache Spark},
	month  = march,
	year   = {2018},
	url    = {https://spark.apache.org/},
}

@Misc{flume,
	author = {Apache Foundation},
	title  = {P{\'{a}}gina web de la wiki de Apache Flume},
	month  = march,
	year   = {2018},
	url    = {https://tinyurl.com/y8shw6gs},
}

@Misc{flumeArch,
	author = {Apache Foundation},
	title  = {P{\'{a}}gina web de Apache Flume},
	month  = march,
	year   = {2018},
	url    = {https://flume.apache.org/},
}

@Misc{hadoop,
	author = {Apache Foundation},
	title  = {P{\'{a}}gina web de Apache Hadoop},
	month  = march,
	year   = {2018},
	url    = {https://hadoop.apache.org/},
}

@Misc{parquet,
	author = {Apache Foundation},
	title  = {P{\'{a}}gina web de Apache Parquet},
	month  = march,
	year   = {2018},
	url    = {https://parquet.apache.org/},
}

@Misc{wdc,
	author = {Wikipedia},
	title  = {P{\'{a}}gina en Wikipedia dell World Data Center},
	month  = march,
	year   = {2018},
	url    = {https://en.wikipedia.org/wiki/World_Data_Center},
}

@Misc{opendata,
	author = {Open Knowledge International},
	title  = {Definici{\'{o}}n de Open Data},
	month  = march,
	year   = {2018},
	url    = {http://opendatahandbook.org/guide/es/what-is-open-data/},
}

@Misc{onudata,
	title = {Portal de datos de la ONU},
	month = march,
	year  = {2018},
	url   = {http://data.un.org/},
}

@Misc{datosMadrid,
	title = {Portal de datos abiertos de la ciudad de Madrid},
	month = march,
	year  = {2018},
	url   = {http://datos.madrid.es},
}

@Misc{graphdata,
	title = {Gr{\'{a}}fica sobre datos abiertos},
	month = march,
	year  = {2018},
	url   = {http://tinyurl.com/y72r44b8},
}

@TechReport{revenueOpenData,
	author      = {James Manyika and Michael Chui is a principal and Diana Farrell and Steve Van Kuiken and Peter Groves and Elizabeth Almasi Doshi},
	title       = {Open data: Unlocking innovation and performance with liquid information},
	institution = {McKinsey Global Institute},
	year        = {2013},
	month       = oct,
	url         = {http://tinyurl.com/hrszsmf},
}

@Misc{valueOpenData,
	author = {Open Data Institute},
	title  = {The value of open data},
	month  = march,
	year   = {2018},
	url    = {https://theodi.org/the-value-of-open-data},
}

@Misc{originbd,
	author = {Steve Lohr},
	title  = {The Origins of "Big Data": An Etymological Detective Story},
	month  = jan,
	year   = {2013},
	url    = {http://tinyurl.com/y93dwh3z},
}

@MastersThesis{ayuso,
	author = {Juan Antonio Ayuso Rodr{\'{i}}guez},
	title  = {Proyecto Fin de Carrera: Landscape del Big Data},
	school = {Universidad Carlos III de Madrid},
	year   = {2015},
}

@Standard{estandar,
	title        = {Big data - Cloud computing based requirements and capabilities. ITU-T Y.3600 (11/2015)},
	organization = {International Telecommunication Union},
	institution  = {United Nations},
	month        = {11},
	year         = {2015},
	url          = {http://www.itu.int/itu-t/recommendations/rec.aspx?rec=12584},
}

@Misc{4v,
	author = {IBM},
	title  = {The Four V's of Big Data},
	month  = jun,
	year   = {2017},
	url    = {http://www.ibmbigdatahub.com/infographic/four-vs-big-data},
}

@MastersThesis{monse,
	author = {Montserrat Murillo Gonz{\'{a}}lez},
	title  = {Sistema big data para el an{\'{a}}lisis de rutas de taxis en NYC},
	school = {Universidad Carlos III de Madrid},
	year   = {2016},
}

@MastersThesis{soriano,
	author = {Francisco Par{\'{i}}s Soriano},
	title  = {An{\'{a}}lisis de la contrataci{\'{o}}n en la administraci{\'{o}}n estadounidense para la predicci{\'{o}}n de futuras licitaciones},
	school = {Universidad Carlos III de Madrid},
	year   = {2016},
}
@Misc{fotoV,
	title = {Imagen de la evoluci{\'{o}}n de las v's del big data},
	month = march,
	year  = {2018},
	url   = {http://www.elderresearch.com/company/blog/42-v-of-big-data},
}

@Misc{tipoAnalisis,
	title = {Four Types of Big Data Analytics and Examples of Their Use},
	month = march,
	year  = {2018},
	url   = {http://tinyurl.com/ya7vzd79},
}

@Misc{landscape,
	author = {Matt Turck},
	title  = {Firing on All Cylinders: The 2017 Big Data Landscape},
	month  = march,
	year   = {2018},
	url    = {http://mattturck.com/bigdata2017/},
}

@Misc{cassandra,
	author = {Apache Foundation},
	title  = {P{\'{a}}gina web de Apache Cassandra},
	month  = march,
	year   = {2018},
	url    = {https://cassandra.apache.org/},
}

@Misc{mongo,
	title = {P{\'{a}}gina web de MongoDB},
	month = march,
	year  = {2018},
	url   = {https://www.mongodb.com/},
}

@Misc{scipy,
	title = {P{\'{a}}gina web de SciPy},
	month = march,
	year  = {2018},
	url   = {https://www.scipy.org/},
}

@Misc{horton,
	title = {P{\'{a}}gina web de Hortonworks},
	month = march,
	year  = {2018},
	url   = {https://es.hortonworks.com/},
}

@Misc{databricks,
	title = {P{\'{a}}gina web de Databricks},
	month = march,
	year  = {2018},
	url   = {https://databricks.com/},
}

@Misc{cloudera,
	title = {P{\'{a}}gina web de Cloudera},
	month = march,
	year  = {2018},
	url   = {https://www.cloudera.com/},
}

@Misc{pandas,
	title = {P{\'{a}}gina web de Pandas},
	month = march,
	year  = {2018},
	url   = {https://databricks.com/},
}

@Misc{forecast,
	author = {Louis Columbus},
	title  = {Roundup Of Analytics, Big Data \& BI Forecasts And Market Estimates, 2016},
	month  = march,
	year   = {2018},
	url    = {http://tinyurl.com/ycag4feo},
}

@Misc{computacionDistribuidad,
	author = {University of California, Berkeley},
	title  = {Chapter 4: Distributed and Parallel Computing},
	month  = march,
	year   = {2018},
	url    = {http://wla.berkeley.edu/~cs61a/fa11/lectures/communication.html},
}

@Misc{fotodistribuida,
	title = {Imagen de un sistema distribuido},
	month = march,
	year  = {2018},
	url   = {http://tinyurl.com/ycn4zbwr},
}

@Misc{sistDistTeoria,
	author = {Juan Pablo Bustos Thames},
	title  = {Arquitectura de sistemas distribuidos},
	month  = march,
	year   = {2018},
	url    = {http://tinyurl.com/y7ez4vlw},
}

@Misc{peertopeer,
	title = {Imagen peer-to-peer},
	month = march,
	year  = {2018},
	url   = {https://askleo.com/what_is_peer_to_peer_file_sharing/},
}

@Misc{cluster,
	author = {Wikipedia},
	title  = {Definici{\'{o}}n de cl{\'{u}}ster},
	month  = march,
	year   = {2018},
	url    = {https://es.wikipedia.org/wiki/Cl%C3%BAster_(inform%C3%A1tica)},
}

@Misc{clusterfoto,
	title = {Imagen de cl{\'{u}}ster},
	month = march,
	year  = {2018},
	url   = {http://tinyurl.com/ybrhzawc},
}

@Misc{scala,
	title = {P{\'{a}}gina web del lenguaje Scala},
	month = march,
	year  = {2018},
	url   = {http://www.scala-lang.org/},
}

@Misc{amplab,
	title = {P{\'{a}}gina web del AMPLab de la Universidad de Berkeley},
	month = march,
	year  = {2018},
	url   = {https://amplab.cs.berkeley.edu/},
}

@Misc{aws,
	title = {P{\'{a}}gina de Amazon Simple Storage Service},
	month = march,
	year  = {2018},
	url   = {https://aws.amazon.com/s3/},
}

@Misc{unix,
	title = {P{\'{a}}gina de Unix Open Group},
	month = march,
	year  = {2018},
	url   = {http://opengroup.org/unix},
}

@Misc{partsSpark,
	title = {RDDs are the new bytecode of Apache Spark},
	month = march,
	year  = {2018},
	url   = {http://tinyurl.com/oq89fby},
}

@Misc{fullStack,
	title = {Being a Full Stack Developer},
	month = march,
	year  = {2018},
	url   = {https://tinyurl.com/y7ztcx23},
}

@Misc{dataframe,
	title = {Introducing DataFrames in Apache Spark for Large Scale Data Science},
	month = march,
	year  = {2018},
	url   = {https://tinyurl.com/mweatbx},
}

@Misc{compSpark,
	author = {Saggi Neumann},
	title  = {Spark vs. Hadoop MapReduce},
	month  = march,
	year   = {2018},
	url    = {http://tinyurl.com/lobmnj7},
}

@Misc{storm,
	author = {Apache Foundation},
	title  = {P{\'{a}}gina web de Apache Storm},
	month  = jun,
	year   = {2017},
	url    = {https://storm.apache.org/},
}

@Misc{flink,
	author = {Apache Foundation},
	title  = {P{\'{a}}gina web de Apache Flink},
	month  = jun,
	year   = {2017},
	url    = {https://flink.apache.org/},
}

@Misc{sparkdistributed,
	title = {Data processing platforms architectures with SMACK: Spark, Mesos, Akka, Cassandra and Kafka},
	month = march,
	year  = {2018},
	url   = {https://tinyurl.com/yb8kcf23},
}

@Misc{payload,
	title = {payload},
	month = march,
	year  = {2018},
	url   = {https://en.wikipedia.org/wiki/Payload_(computing)},
}

@Misc{ubuntu,
	title = {Enlace a la descarga de Ubuntu},
	month = march,
	year  = {2018},
	url   = {https://www.ubuntu.com/download/desktop},
}

@Misc{stackoverflow,
	title = {P{\'{a}}gina de stackoverflow},
	month = march,
	year  = {2018},
	url   = {https://stackoverflow.com/},
}

@Misc{github,
	title = {P{\'{a}}gina de GitHub},
	month = march,
	year  = {2018},
	url   = {https://github.com/},
}

@Misc{git,
	title = {P{\'{a}}gina de Git},
	month = march,
	year  = {2018},
	url   = {https://git-scm.com/},
}

@Misc{githubArchive,
	title = {P{\'{a}}gina de GitHub Archive},
	month = march,
	year  = {2018},
	url   = {https://www.githubarchive.org/},
}

@Misc{twitter,
	author = {Twitter, Inc.},
	title = {P{\'{a}}gina de Twitter},
	month = march,
	year  = {2018},
	url   = {https://twitter.com/},
}

@Misc{descargaSpark,
	author = {Apache Foundation},
	title  = {P{\'{a}}gina de descarga de Apache Spark},
	month  = march,
	year   = {2017},
	url    = {https://spark.apache.org/downloads.html},
}

@Misc{descargaJava,
	author = {Oracle Corporation},
	title  = {P{\'{a}}gina de descarga de Java SE Development Kit 8},
	month  = march,
	year   = {2018},
	url    = {https://tinyurl.com/puhhbtr},
}

@Misc{jupyter,
	title  = {P{\'{a}}gina del proyecto jupyter},
	month  = march,
	year   = {2018},
	url    = {http://jupyter.org/index.html},
}

@Misc{anaconda,
	author = {Anaconda Distribution},
	title  = {P{\'{a}}gina de Anaconda},
	month  = march,
	year   = {2018},
	url    = {https://www.anaconda.com/},
}

@Misc{descargaHadoop,
	author = {Apache Foundation},
	title  = {P{\'{a}}gina de descarga de Apache Hadoop},
	month  = march,
	year   = {2018},
	url    = {https://hadoop.apache.org/releases.html},
}

@Misc{descargaFlume,
	author = {Apache Foundation},
	title  = {P{\'{a}}gina de descarga de Apache Flume},
	month  = march,
	year   = {2018},
	url    = {https://flume.apache.org/download.html},
}

@Misc{Inc.2018,
  author = {Databricks Inc.},
  title  = {P{\'{a}}gina web de Databricks Community},
  month  = march,
  year   = {2018},
  url    = {https://tinyurl.com/jp797ms},
}

@Misc{markdown,
	author = {Javier Crist\'{o}bal},
	title  = {P{\'{a}}gina web de Markdown Spain},
	month  = march,
	year   = {2018},
	url    = {https://markdown.es/},
}

@Misc{latex,
	title  = {P{\'{a}}gina web de LaTeX Project},
	month  = march,
	year   = {2018},
	url    = {https://markdown.es/},
}

@Misc{iptyhon,
	title  = {P{\'{a}}gina web de IPython Interactive Computing},
	month  = march,
	year   = {2018},
	url    = {https://ipython.org/},
}

@Misc{2018,
  title = {P{\'{a}}gina web de Stack Overflow},
  month = march,
  year  = {2018},
  url   = {https://stackoverflow.com/},
}

@Misc{stackexchange,
	title  = {P{\'{a}}gina web de Stack Exchange},
	month  = march,
	year   = {2018},
	url    = {https://stackexchange.com/},
}

@Misc{stofData,
	author = {Stack Exchange, Inc},
	title  = {Stack Exchange Data Dump},
	month  = march,
	year   = {2018},
	url    = {https://archive.org/details/stackexchange},
}

@Misc{creativecommons,
	title  = {P{\'{a}}gina web de Creative Commons},
	month  = march,
	year   = {2018},
	url    = {https://creativecommons.org},
}

@Misc{7z,
	author = {Igor Pavlov},
	title  = {P{\'{a}}gina web de 7z format},
	month  = march,
	year   = {2018},
	url    = {http://www.7-zip.org/7z.html},
}

@Misc{XML,
	title  = {P{\'{a}}gina web de Wikipedia sobre XML},
	month  = march,
	year   = {2018},
	url    = {https://en.wikipedia.org/wiki/XML},
}

@Misc{apiTwitter,
	author = {Twitter, Inc.},
	title  = {P{\'{a}}gina web del API de Twitter},
	month  = march,
	year   = {2018},
	url    = {https://developer.twitter.com/en/docs},
}

@Misc{isogeo,
	author = {International Organization for Standardization},
	title  = {P{\'{a}}gina web de la ISO 3166-1 alpha-2},
	month  = march,
	year   = {2018},
	url    = {https://www.iso.org/iso-3166-country-codes.html},
}

@Misc{isolang,
	author = {International Organization for Standardization},
	title  = {P{\'{a}}gina web de la ISO 639-1:2002},
	month  = march,
	year   = {2018},
	url    = {https://www.iso.org/iso-639-language-codes.html},
}

@Misc{unicornList,
	author = {Time, Inc.},
	title  = {P{\'{a}}gina web de Unicorn List},
	month  = march,
	year   = {2018},
	url    = {http://fortune.com/unicorns/},
}

@Misc{gitAytoMad,
	author = {Ayuntamiento de Madrid},
	title  = {P{\'{a}}gina web del respositorio oficial del ayto. De Madrid en GitHub},
	month  = march,
	year   = {2018},
	url    = {https://github.com/AyuntamientoMadrid},
}

@Misc{gitEvents,
	title  = {P{\'{a}}gina web de la API de GitHub},
	month  = march,
	year   = {2018},
	url    = {https://tinyurl.com/mhbt733},
}

@Misc{xpath,
	title  = {P{\'{a}}gina web de Wikipedia sobre XPath},
	month  = march,
	year   = {2018},
	url    = {https://en.wikipedia.org/wiki/XPath},
}

@Misc{weibo,
	title  = {P{\'{a}}gina web de Weibo},
	month  = march,
	year   = {2018},
	url    = {https://www.weibo.com/},
}

@Comment{jabref-meta: databaseType:bibtex;}
